@misc{sciences2014developing,
      title={Developing a 21st Century Global Library for Mathematics Research}, 
      author={Committee on Planning a Global Library of the Mathematical Sciences},
      year={2014},
      eprint={1404.1905},
      archivePrefix={arXiv},
      primaryClass={math.HO}
}

@misc{whats_new_2009, title={IMO 2009 Q6 mini-polymath project: impressions, reflections, analysis}, url={https://terrytao.wordpress.com/2009/07/22/imo-2009-q6-mini-polymath-project-impressions-reflections-analysis/#comment-40659}, journal={What's new}, year={2009}, month={Jul}}

@misc{gowers_weblog_2009, title={Can Polymath be scaled up?}, url={https://gowers.wordpress.com/2009/03/24/can-polymath-be-scaled-up/}, journal={Gowers's Weblog}, year={2009}, month={Mar}}

@misc{sophize_datamodel, title={Sophize/datamodel-json}, url={https://github.com/Sophize/datamodel-json}, journal={GitHub}, author={Sophize}}


@misc{markdown_it, title={markdown-it/markdown-it}, url={https://github.com/markdown-it/markdown-it}, journal={GitHub}, author={Markdown-It}}

@misc{pandoc, title={Pandoc User's Guide}, url={https://pandoc.org/MANUAL.html#math}, journal={Pandoc}}

@misc{polymath_blog, url={https://polymathprojects.org/}, journal={The polymath blog}}